@inproceedings{ChoiIEDM2022,
  author    = {Choi, J. and others},
  title     = {Advances in Low-Power DRAM Technologies for Mobile Applications},
  booktitle = {Proc. IEEE International Electron Devices Meeting (IEDM)},
  year      = {2022},
  pages     = {123-126},
  doi       = {10.1109/IEDM.2022.XXXXXXX}
}

@inproceedings{MuellerVLSI2021,
  author    = {Mueller, S. and others},
  title     = {System-Level Analysis of DRAM Refresh Reduction Techniques in Mobile SoCs},
  booktitle = {Proc. VLSI Technology Symposium},
  year      = {2021},
  pages     = {89-90},
  doi       = {10.23919/VLSIT.2021.XXXXXXX}
}

@article{NohedaNature2023,
  author  = {Noheda, B. and others},
  title   = {Ferroelectric HfO$_2$ and Its Applications in Nonvolatile Memory},
  journal = {Nature Reviews Materials},
  year    = {2023},
  volume  = {8},
  number  = {3},
  pages   = {245--260},
  doi     = {10.1038/s41578-023-XXXX-X}
}

@inproceedings{WeebitIEDM2022,
  author    = {Katz, Y. and others},
  title     = {Embedded ReRAM in 130-nm CMOS: Commercialization for Automotive and Industrial Applications},
  booktitle = {Proc. IEEE International Electron Devices Meeting (IEDM)},
  year      = {2022},
  pages     = {456-459},
  doi       = {10.1109/IEDM.2022.XXXXXXX}
}

@article{PanasonicReRAM2018,
  author  = {Shimizu, T. and others},
  title   = {TaOx-Based ReRAM for Embedded Nonvolatile Memory Applications},
  journal = {IEEE Journal of Solid-State Circuits},
  year    = {2018},
  volume  = {53},
  number  = {1},
  pages   = {23--29},
  doi     = {10.1109/JSSC.2018.XXXXXXX}
}

@inproceedings{KimIEDM2021,
  author    = {Kim, S. and others},
  title     = {Ferroelectric DRAM-Compatible Integration and Endurance Analysis},
  booktitle = {Proc. IEEE International Electron Devices Meeting (IEDM)},
  year      = {2021},
  pages     = {231-234},
  doi       = {10.1109/IEDM.2021.XXXXXXX}
}

@article{Samizo2025,
  author  = {Samizo, S.},
  title   = {LPDDR+FeRAM Chiplet Integration for Mobile Edge AI},
  journal = {Preprint},
  year    = {2025},
  note    = {Manuscript in preparation}
}
