@book{sze2006psd,
  author    = {S. M. Sze and K. K. Ng},
  title     = {Physics of Semiconductor Devices},
  edition   = {3rd},
  publisher = {Wiley},
  year      = {2006}
}

@article{tanaka1996dramtrends,
  author  = {T. Tanaka and others},
  title   = {Trends and Challenges in {DRAM} Scaling},
  journal = {IEEE Journal of Solid-State Circuits},
  volume  = {31},
  number  = {11},
  pages   = {1615--1624},
  year    = {1996},
  doi     = {10.1109/4.544170}
}

@inproceedings{rizzoli2000retention,
  author    = {L. Rizzoli and others},
  title     = {Retention and Disturb Characterization in 0.25 Micron {DRAM}},
  booktitle = {Proc. International Test Conference (ITC)},
  year      = {2000}
}
