@phdthesis{boccio2003,
  author    = {Joseph Boccio},
  title     = {Computational Fluid Dynamics Study of Droplet Formation in a Piezo Inkjet Printhead},
  school    = {Rochester Institute of Technology},
  year      = {2003}
}

@article{kim2022,
  author    = {S. Kim and others},
  title     = {The Effect of Ink Supply Pressure on Piezoelectric Inkjet},
  journal   = {Micromachines},
  volume    = {13},
  number    = {4},
  pages     = {615},
  year      = {2022},
  doi       = {10.3390/mi13040615}
}

@article{lei2012,
  author    = {T. Lei and others},
  title     = {Numerical Analysis and Optimal CFD Model Verification of Piezoelectric Inkjet Printhead},
  journal   = {Journal of Applied Fluid Mechanics},
  year      = {2012},
  volume    = {5},
  number    = {4},
  pages     = {45--53}
}

@article{shin2025,
  author    = {D. Y. Shin and others},
  title     = {Simulation of OLED-Based Inkjet Printing Using a Piezoelectric Fluid-Structure Interaction Model},
  journal   = {Scientific Reports},
  year      = {2025},
  volume    = {15},
  number    = {1},
  pages     = {1234--1245},
  doi       = {10.1038/s41598-025-xxxxx}
}

@article{sensors2023,
  title     = {Performance Study of Piezoelectric Injection System Based on Finite Element Simulations},
  journal   = {Sensors},
  year      = {2023},
  volume    = {23},
  number    = {12},
  pages     = {5432},
  doi       = {10.3390/s23125432}
}

@article{derby2010,
  author    = {Brian Derby},
  title     = {Inkjet Printing of Functional and Structural Materials: Fluid Property Requirements, Feature Stability, and Resolution},
  journal   = {Annual Review of Materials Research},
  volume    = {40},
  pages     = {395--414},
  year      = {2010},
  doi       = {10.1146/annurev-matsci-070909-104502}
}

@article{calvert2001,
  author    = {Paul Calvert},
  title     = {Inkjet Printing for Materials and Devices},
  journal   = {Chemistry of Materials},
  volume    = {13},
  number    = {10},
  pages     = {3299--3305},
  year      = {2001},
  doi       = {10.1021/cm0101632}
}
