@article{choi2022,
  author  = {Choi, W. and others},
  title   = {Challenges and Prospects of DRAM Cell Capacitor Scaling},
  journal = {IEEE Transactions on Electron Devices},
  year    = {2022},
  volume  = {69},
  number  = {6},
  pages   = {2771--2778},
  doi     = {10.1109/TED.2022.3157710}
}
ã€€
@inproceedings{kim2021_dram,
  author    = {Kim, H. and others},
  title     = {Future DRAM Cell Scaling and 3D Integration},
  booktitle = {IEEE International Electron Devices Meeting (IEDM)},
  year      = {2021},
  pages     = {18.1.1--18.1.4},
  doi       = {10.1109/IEDM19574.2021.9720625}
}

@inproceedings{iedm2023_dram,
  author    = {Kim, J. and others},
  title     = {Recent Progress in DRAM Scaling and 3D DRAM Architectures},
  booktitle = {IEEE International Electron Devices Meeting (IEDM)},
  year      = {2023}
}

@article{boscke2011,
  author  = {B{\"o}scke, T. and M{\"u}ller, J. and Br{\"a}uhaus, D. and Schr{\"o}der, U. and B{\"o}ttger, U.},
  title   = {Ferroelectricity in Hafnium Oxide Thin Films},
  journal = {Applied Physics Letters},
  year    = {2011},
  volume  = {99},
  number  = {10},
  pages   = {102903},
  doi     = {10.1063/1.3634052}
}

@article{mueller2012,
  author  = {M{\"u}ller, J. and B{\"o}scke, T. and Schr{\"o}der, U. and others},
  title   = {Ferroelectricity in Simple Binary ZrO2 and HfO2},
  journal = {Nano Letters},
  year    = {2012},
  volume  = {12},
  number  = {8},
  pages   = {4318--4323},
  doi     = {10.1021/nl302049k}
}

@article{noheda2023,
  author  = {Noheda, B. and others},
  title   = {Ferroelectric Hafnia: Path to Devices},
  journal = {Nature Reviews Materials},
  year    = {2023},
  volume  = {8},
  pages   = {653--672},
  doi     = {10.1038/s41578-023-00586-3}
}

@article{martin2020,
  author  = {Martin, D. and others},
  title   = {Review of FeRAM and FeFET Scaling Challenges},
  journal = {Advanced Electronic Materials},
  year    = {2020},
  volume  = {6},
  number  = {9},
  pages   = {2000305},
  doi     = {10.1002/aelm.202000305}
}

@article{dennard1966,
  author  = {Dennard, R. H.},
  title   = {Field-Effect Transistor Memory},
  journal = {IEEE Journal of Solid-State Circuits},
  year    = {1966},
  volume  = {SC-1},
  number  = {4},
  pages   = {247--255},
  doi     = {10.1109/JSSC.1966.1051348}
}

@article{scott1998,
  author  = {Scott, J. F.},
  title   = {Ferroelectric Memories},
  journal = {Science},
  year    = {1998},
  volume  = {315},
  pages   = {954--959}
}
