@misc{samizo2025,
  author = {Shinichi Samizo},
  title  = {Historical Case Study of 0.25-$\mu$m DRAM and Pseudo-SRAM},
  year   = {2025},
  note   = {Draft technical archive, Project Design Hub (Samizo-AITL)}
}

@book{sze2007,
  author    = {S. M. Sze and K. K. Ng},
  title     = {Physics of Semiconductor Devices},
  publisher = {Wiley},
  year      = {2007}
}

@inproceedings{irps_retention,
  author    = {Author, A.},
  title     = {Retention Failure Mechanisms in DRAM},
  booktitle = {IRPS},
  year      = {200x}
}

@inproceedings{rowhammer_survey,
  author    = {Author, B.},
  title     = {Row Disturb Phenomena and Modern DRAM},
  booktitle = {Proc. XYZ},
  year      = {201x}
}
