@inproceedings{yakimets2020cfet,
  author={N. Yakimets and others},
  title={Integration challenges for CFET (complementary FET) for sub-3nm nodes},
  booktitle={IEDM},
  year={2020},
  pages={11.3.1--11.3.4}
}

@misc{irds2023,
  title={International Roadmap for Devices and Systems 2023 Edition},
  howpublished={\url{https://irds.ieee.org/roadmap-2023}},
  year={2023},
  note={Accessed: 2025-09-17}
}

@book{franklin2015feedback,
  author={Franklin, G.F. and Powell, J.D. and Emami-Naeini, A.},
  title={Feedback Control of Dynamic Systems},
  publisher={Pearson},
  year={2015}
}

@book{khalil2002nonlinear,
  author={Khalil, H.K.},
  title={Nonlinear Systems},
  publisher={Prentice Hall},
  year={2002}
}

@book{anderson2007optimal,
  author={Anderson, B.D.O. and Moore, J.B.},
  title={Optimal Control: Linear Quadratic Methods},
  publisher={Dover},
  year={2007}
}
