@inproceedings{imec_forksheet_iedm2022,
  author    = {Larsen, Peter and Verhulst, Anne and others},
  title     = {Forksheet FETs: Extending CMOS Scaling Beyond Nanosheets},
  booktitle = {Proc. IEEE Intl. Electron Devices Meeting (IEDM)},
  year      = {2022},
  pages     = {18.1.1--18.1.4},
  doi       = {10.1109/IEDM45625.2022.10019353}
}

@inproceedings{imec_cfet_iedm2020,
  author    = {Verhulst, Anne and Yu, Xiaoyan and others},
  title     = {Complementary FET (CFET) Technology for Logic Beyond Nanosheets},
  booktitle = {Proc. IEEE Intl. Electron Devices Meeting (IEDM)},
  year      = {2020},
  pages     = {7.3.1--7.3.4},
  doi       = {10.1109/IEDM13553.2020.9372026}
}

@inproceedings{intel_ribbonfet_2021,
  author    = {Chouksey, Ashish and others},
  title     = {Intel 4 Technology Featuring FinFET to RibbonFET Transition},
  booktitle = {Proc. IEEE IEDM},
  year      = {2021},
  doi       = {10.1109/IEDM45625.2021.9720662}
}

@inproceedings{bsimcmg_sispad2017,
  author    = {Cao, K. and Dunga, M. and Hu, C.},
  title     = {BSIM-CMG: Standard Compact Model for Multi-Gate FETs},
  booktitle = {Proc. Intl. Conf. on SISPAD},
  year      = {2017},
  pages     = {1--4},
  doi       = {10.23919/SISPAD.2017.8085230}
}

@misc{irds_2023,
  author    = {{IRDS}},
  title     = {International Roadmap for Devices and Systems 2023},
  year      = {2023},
  howpublished = {\url{https://irds.ieee.org/roadmap-2023}},
}

@article{gaafets_review_2020,
  author    = {Liu, Min and Wong, H.-S. Philip},
  title     = {A Review of Gate-All-Around (GAA) Nanosheet FETs for Sub-3nm Logic},
  journal   = {Microelectronic Engineering},
  volume    = {225},
  pages     = {111256},
  year      = {2020},
  doi       = {10.1016/j.mee.2020.111256}
}
