@book{hinf,
  author    = {Doyle, John C. and Francis, Bruce A. and Tannenbaum, Allen R.},
  title     = {Feedback Control Theory},
  publisher = {Macmillan},
  year      = {1992}
}

@book{fds,
  author    = {Colinge, Jean-Pierre},
  title     = {Silicon-on-Insulator Technology: Materials to VLSI},
  publisher = {Springer},
  edition   = {3rd},
  year      = {2004}
}

@inproceedings{rad_mram,
  author    = {Dodd, Paul and Shaneyfelt, Marty},
  title     = {Radiation Effects in Emerging Nonvolatile Memories: MRAM and FRAM},
  booktitle = {IEEE Radiation Effects Data Workshop},
  year      = {2019},
  pages     = {1--5}
}

@article{fds_fdx,
  author    = {Radosavljevic, M. and others},
  title     = {22nm FD-SOI Technology for RF/Analog and Low-Power Applications},
  journal   = {IEEE Transactions on Electron Devices},
  year      = {2017},
  volume    = {64},
  number    = {9},
  pages     = {3617--3625}
}
