@article{Khalil2002,
  author    = {Hassan K. Khalil},
  title     = {Nonlinear Systems},
  journal   = {Prentice Hall},
  year      = {2002},
  note      = {Classical reference for control theory, PID and state-space}
}

@article{Franklin2015,
  author    = {Gene F. Franklin and J. Da Powell and Abbas Emami-Naeini},
  title     = {Feedback Control of Dynamic Systems},
  journal   = {Pearson},
  year      = {2015},
  edition   = {7th},
  note      = {Textbook reference for PID control and stability}
}

@inproceedings{Atlas2013,
  author    = {Scott Kuindersma and R. Deits and Maurice Fallon and others},
  title     = {Optimization-based Locomotion Planning, Estimation, and Control Design for the Atlas Humanoid Robot},
  booktitle = {Proc. IEEE Int. Conf. Robotics and Automation (ICRA)},
  year      = {2013},
  pages     = {4527--4534},
  doi       = {10.1109/ICRA.2013.6631133}
}

@misc{Optimus2022,
  author    = {Tesla Inc.},
  title     = {Tesla AI Day: Optimus Humanoid Robot},
  howpublished = {\url{https://www.tesla.com/AI}},
  year      = {2022},
  note      = {Accessed: 2025-09-05}
}

@article{Anderson2007,
  author    = {Brian D. O. Anderson and John B. Moore},
  title     = {Optimal Control: Linear Quadratic Methods},
  journal   = {Dover Publications},
  year      = {2007},
  note      = {LQR and LQG foundations}
}

@inproceedings{OpenAI2023,
  author    = {OpenAI},
  title     = {Language Models are Few-Shot Learners},
  booktitle = {Advances in Neural Information Processing Systems (NeurIPS)},
  year      = {2020},
  note      = {LLM control context reference}
}

@article{Zhou2023,
  author    = {Yifan Zhou and others},
  title     = {Large Language Models in Robotics: Opportunities and Challenges},
  journal   = {arXiv preprint arXiv:2307.XXXXX},
  year      = {2023},
  note      = {LLM integration in control systems}
}

@article{Paradiso2005,
  author    = {Joseph A. Paradiso and Thad Starner},
  title     = {Energy Scavenging for Mobile and Wireless Electronics},
  journal   = {IEEE Pervasive Computing},
  volume    = {4},
  number    = {1},
  pages     = {18--27},
  year      = {2005},
  doi       = {10.1109/MPRV.2005.9}
}

@article{Beeby2006,
  author    = {Stephen P. Beeby and Neil M. White},
  title     = {Energy Harvesting for Autonomous Systems},
  journal   = {Artech House},
  year      = {2006},
  note      = {Reference for piezoelectric and PV harvesting methods}
}
