@standard{iso9001,
  title   = {ISO 9001:2015 Quality management systems -- Requirements},
  year    = {2015},
  organization = {International Organization for Standardization}
}

@standard{iatf16949,
  title   = {IATF 16949:2016 Quality management system requirements for automotive production},
  year    = {2016},
  organization = {IATF}
}

@standard{iec61360,
  title   = {IEC 61360: Standard data element types with associated classification scheme},
  year    = {2017},
  organization = {IEC}
}

@standard{stepap242,
  title   = {ISO 10303-242 (STEP AP242): Managed Model-based 3D Engineering},
  year    = {2020},
  organization = {ISO}
}

@misc{rohsguide,
  title = {RoHS and REACH Guidance},
  year  = {2024},
  note  = {European Commission guidance documents}
}

@misc{ear,
  title = {Export Administration Regulations (EAR)},
  year  =
