@article{akata2009pzt,
  title={Lead zirconate titanate (PZT)-based piezoelectric materials},
  author={Akata, Takashi and et al.},
  journal={Journal of Electroceramics},
  volume={22},
  number={1-3},
  pages={89--97},
  year={2009},
  doi={10.1007/s10832-008-9526-8}
}

@article{akrout2018scaln,
  title={Scandium-doped aluminum nitride thin films for piezoelectric MEMS applications},
  author={Akrout, Hichem and et al.},
  journal={Applied Physics Letters},
  volume={112},
  number={15},
  pages={152902},
  year={2018},
  doi={10.1063/1.5025734}
}

@article{khuri2009cmut,
  title={Capacitive micromachined ultrasonic transducers: technology and applications},
  author={Khuri-Yakub, Butrus T. and Oralkan, Omer},
  journal={IEEE Transactions on Ultrasonics, Ferroelectrics, and Frequency Control},
  volume={56},
  number={1},
  pages={124--139},
  year={2009},
  doi={10.1109/TUFFC.2009.1025}
}

@article{foster2000ivus,
  title={Intravascular ultrasound imaging using high-frequency arrays},
  author={Foster, F. Stuart and et al.},
  journal={Ultrasound in Medicine \& Biology},
  volume={26},
  number={2},
  pages={251--264},
  year={2000},
  doi={10.1016/S0301-5629(99)00129-7}
}

@article{pavlin2009ubm,
  title={Ultrasound biomicroscopy of the eye},
  author={Pavlin, C. J. and Sherar, M. D. and Foster, F. S.},
  journal={Ophthalmology Clinics of North America},
  volume={19},
  number={2},
  pages={197--210},
  year={2009},
  doi={10.1016/j.ohc.2006.02.008}
}
