@article{zhou2019uav,
  author={Zhou, Y. and Sun, S. and Li, J.},
  title={UAV applications: A review},
  journal={IEEE Access},
  volume={7},
  pages={48572--48603},
  year={2019},
  doi={10.1109/ACCESS.2019.2907482}
}

@inproceedings{heliox2003,
  author={Ray, R. and Jenkins, L.},
  title={NASA Helios: High-altitude long-endurance UAV program},
  booktitle={Proceedings of the AIAA Aerospace Conference},
  year={2003},
  pages={1--9}
}

@article{jaxa2017haps,
  author={Yamauchi, K. and Ono, H.},
  title={JAXA HAPS project: Stratospheric UAV system development},
  journal={Acta Astronautica},
  volume={139},
  pages={123--131},
  year={2017},
  doi={10.1016/j.actaastro.2017.07.019}
}

@book{zhou1996robust,
  author={Zhou, K. and Doyle, J. C. and Glover, K.},
  title={Robust and Optimal Control},
  publisher={Prentice Hall},
  year={1996}
}

@article{cryptopqc2022,
  author={Chen, L. and Jordan, S. and Liu, Y.-K. and Moody, D. and Peralta, R. and Smith-Tone, D. and Peralta, R.},
  title={Report on Post-Quantum Cryptography},
  journal={NIST Interagency/Internal Report (NISTIR) 8413},
  year={2022},
  doi={10.6028/NIST.IR.8413}
}
