@article{mueller2012fefet,
  title={Ferroelectricity in simple binary ZrO2 and HfO2},
  author={Müller, Johannes and Polakowski, Patrick and Mueller, Steffen and Mikolajick, Thomas},
  journal={Applied Physics Letters},
  volume={99},
  number={11},
  pages={112901},
  year={2012},
  publisher={AIP}
}

@article{mueller2015endurance,
  title={Endurance of ferroelectric hafnium oxide based FeFETs for memory applications},
  author={Müller, Johannes and et al.},
  journal={IEEE Transactions on Electron Devices},
  volume={62},
  number={11},
  pages={3622--3628},
  year={2015},
  publisher={IEEE}
}

@inproceedings{polakowski2014reliability,
  title={Ferroelectric hafnium oxide: A CMOS-compatible and highly scalable approach to future ferroelectric memories},
  author={Polakowski, P. and Müller, J. and Mikolajick, T.},
  booktitle={IEDM Tech. Dig.},
  pages={28.8.1--28.8.4},
  year={2014},
  organization={IEEE}
}

@article{boscke2011hafnium,
  title={Ferroelectricity in hafnium oxide thin films},
  author={Böscke, T. S. and Müller, J. and Schröder, U. and et al.},
  journal={Applied Physics Letters},
  volume={99},
  number={10},
  pages={102903},
  year={2011},
  publisher={AIP}
}

@article{park2020nbdoping,
  title={Endurance enhancement in HfO2-based FeFETs by Nb doping},
  author={Park, J. and Kim, H. and et al.},
  journal={IEEE Electron Device Letters},
  volume={41},
  number={12},
  pages={1825--1828},
  year={2020},
  publisher={IEEE}
}
