
@inproceedings{choi2022,
  author={W. Choi et al.},
  title={Challenges and prospects of DRAM capacitor scaling},
  booktitle={IEDM},
  year={2022}
}
@inproceedings{boscke2011,
  author={T. BÃ¶scke et al.},
  title={Ferroelectricity in hafnium oxide thin films},
  booktitle={Applied Physics Letters},
  year={2011}
}
