@inproceedings{yakimets2020cfet,
  author    = {Yakimets, D. and others},
  title     = {Challenges for CFET (complementary FET) integration},
  booktitle = {Proc. IEEE IEDM},
  year      = {2020},
  pages     = {19.1.1--19.1.4}
}

@misc{irds2023,
  title  = {International Roadmap for Devices and Systems (IRDS) 2023},
  year   = {2023},
  url    = {https://irds.ieee.org/roadmap-2023}
}

@book{franklin2015feedback,
  author = {Franklin, G. F. and Powell, J. D. and Emami-Naeini, A.},
  title  = {Feedback Control of Dynamic Systems},
  edition= {7},
  year   = {2015},
  publisher = {Pearson}
}

@book{khalil2002nonlinear,
  author = {Khalil, H. K.},
  title  = {Nonlinear Systems},
  year   = {2002},
  publisher = {Prentice Hall}
}

@book{anderson2007optimal,
  author = {Anderson, B. D. O. and Moore, J. B.},
  title  = {Optimal Control: Linear Quadratic Methods},
  year   = {2007},
  publisher = {Dover}
}

@standard{iec61000,
  title     = {Electromagnetic Compatibility (EMC) --- Part 4: Testing and Measurement Techniques},
  organization = {IEC},
  number    = {IEC 61000-4},
  year      = {2019}
}
