@article{Saito2004KNN,
  author={Y. Saito and et al.},
  title={Lead-free piezoceramics},
  journal={Nature},
  volume={432},
  pages={84-87},
  year={2004}
}

@article{Dubois2019BioIJ,
  author={Dubois, J. and others},
  title={Inkjet bioprinting: Principles and applications},
  journal={Biofabrication},
  volume={11},
  number={3},
  year={2019}
}
