@book{sze2007,
  author = {S. M. Sze and K. K. Ng},
  title = {Physics of Semiconductor Devices},
  edition = {3rd},
  year = {2007},
  publisher = {Wiley}
}

@article{takeda1994,
  author = {E. Takeda and C. Y. Yang and A. S. Grove},
  title  = {Silicide technology for ULSI applications},
  journal= {IEEE Trans. Electron Devices},
  volume = {41},
  number = {12},
  pages  = {2133--2141},
  year   = {1994}
}
